@article{Craddock.2013,
  title={Imaging human connectomes at the macroscale},
  author={Craddock, R Cameron and Jbabdi, Saad and Yan, Chao-Gan and Vogelstein, Joshua T and Castellanos, F Xavier and Di Martino, Adriana and Kelly, Clare and Heberlein, Keith and Colcombe, Stan and Milham, Michael P},
  journal={Nature methods},
  volume={10},
  number={6},
  pages={524--539},
  year={2013},
  publisher={Nature Publishing Group}
}