
@article{Craddock.2013.connectomes,
  title={Imaging human connectomes at the macroscale},
  author={Craddock, R Cameron and Jbabdi, Saad and Yan, Chao-Gan and Vogelstein, Joshua T and Castellanos, F Xavier and Di Martino, Adriana and Kelly, Clare and Heberlein, Keith and Colcombe, Stan and Milham, Michael P},
  journal={Nature methods},
  volume={10},
  number={6},
  pages={524--539},
  year={2013},
  publisher={Nature Publishing Group}
}

@article{Rubinov.2013.measures,
  title={Complex network measures of brain connectivity: uses and interpretations},
  author={Rubinov, Mikail and Sporns, Olaf},
  journal={Neuroimage},
  volume={52},
  number={3},
  pages={1059--1069},
  year={2010},
  publisher={Elsevier}
}

@article{Tunc.2021.autism,
  title={Diagnostic shifts in autism spectrum disorder can be linked to the fuzzy nature of the diagnostic boundary: a data-driven approach},
  author={Tun{\c{c}}, Birkan and Pandey, Juhi and St. John, Tanya and Meera, Shoba S and Maldarelli, Jennifer E and Zwaigenbaum, Lonnie and Hazlett, Heather C and Dager, Stephen R and Botteron, Kelly N and Girault, Jessica B and others},
  journal={Journal of Child Psychology and Psychiatry},
  volume={62},
  number={10},
  pages={1236--1245},
  year={2021},
  publisher={Wiley Online Library}
}

@article{Kawahara.2017.brainnetcnn,
  title={BrainNetCNN: Convolutional neural networks for brain networks; towards predicting neurodevelopment},
  author={Kawahara, Jeremy and Brown, Colin J and Miller, Steven P and Booth, Brian G and Chau, Vann and Grunau, Ruth E and Zwicker, Jill G and Hamarneh, Ghassan},
  journal={NeuroImage},
  volume={146},
  pages={1038--1049},
  year={2017},
  publisher={Elsevier}
}

@article{Osmanliouglu.2019.systems,
  title={System-level matching of structural and functional connectomes in the human brain},
  author={Osmanl{\i}o{\u{g}}lu, Yusuf and Tun{\c{c}}, Birkan and Parker, Drew and Elliott, Mark A and Baum, Graham L and Ciric, Rastko and Satterthwaite, Theodore D and Gur, Raquel E and Gur, Ruben C and Verma, Ragini},
  journal={NeuroImage},
  volume={199},
  pages={93--104},
  year={2019},
  publisher={Elsevier}
}

@article{Salari.2020.asd_detectionCNN,
  title={Automated detection of autism spectrum disorder using a convolutional neural network},
  author={Sherkatghanad, Zeinab and Akhondzadeh, Mohammadsadegh and Salari, Soorena and Zomorodi-Moghadam, Mariam and Abdar, Moloud and Acharya, U Rajendra and Khosrowabadi, Reza and Salari, Vahid},
  journal={Frontiers in neuroscience},
  volume={13},
  pages={1325},
  year={2020},
  publisher={Frontiers Media SA}
}

@article{Shen.2019.advances_biomarkers,
  title={Advances in biomarker studies in autism spectrum disorders},
  author={Shen, Liming and Zhao, Yuxi and Zhang, Huajie and Feng, Chengyun and Gao, Yan and Zhao, Danqing and Xia, Sijian and Hong, Qi and Iqbal, Javed and Liu, Xu Kun and others},
  journal={Reviews on Biomarker Studies in Psychiatric and Neurodegenerative Disorders},
  pages={207--233},
  year={2019},
  publisher={Springer}
}

@article{Nunes.2019,
  title={Idiosyncratic organization of cortical networks in autism spectrum disorder},
  author={Nunes, Adonay S and Peatfield, Nicholas and Vakorin, Vasily and Doesburg, Sam M},
  journal={Neuroimage},
  volume={190},
  pages={182--190},
  year={2019},
  publisher={Elsevier}
}

@article{Hong.2019,
  title={Atypical functional connectome hierarchy in autism},
  author={Hong, Seok-Jun and Vos de Wael, Reinder and Bethlehem, Richard AI and Lariviere, Sara and Paquola, Casey and Valk, Sofie L and Milham, Michael P and Di Martino, Adriana and Margulies, Daniel S and Smallwood, Jonathan and others},
  journal={Nature communications},
  volume={10},
  number={1},
  pages={1--13},
  year={2019},
  publisher={Nature Publishing Group}
}

@article{Lau.2019,
  title={Resting-state abnormalities in autism spectrum disorders: a meta-analysis},
  author={Lau, Way KW and Leung, Mei-Kei and Lau, Benson WM},
  journal={Scientific reports},
  volume={9},
  number={1},
  pages={1--8},
  year={2019},
  publisher={Nature Publishing Group}
}

@article{Williams.2013,
  title={Brain function differences in language processing in children and adults with autism},
  author={Williams, Diane L and Cherkassky, Vladimir L and Mason, Robert A and Keller, Timothy A and Minshew, Nancy J and Just, Marcel Adam},
  journal={Autism Research},
  volume={6},
  number={4},
  pages={288--302},
  year={2013},
  publisher={Wiley Online Library}
}

@article{DAlbis.2018,
  title={Local structural connectivity is associated with social cognition in autism spectrum disorder},
  author={d’Albis, Marc-Antoine and Guevara, Pamela and Guevara, Miguel and Laidi, Charles and Boisgontier, Jennifer and Sarrazin, Samuel and Duclap, Delphine and Delorme, Richard and Bolognani, Federico and Czech, Christian and others},
  journal={Brain},
  volume={141},
  number={12},
  pages={3472--3481},
  year={2018},
  publisher={Oxford University Press}
}

@article{Abos.2017.ML_Parkinsons,
  title={Discriminating cognitive status in Parkinson’s disease through functional connectomics and machine learning},
  author={Ab{\'o}s, Alexandra and Baggio, Hugo C and Segura, B{\`a}rbara and Garc{\'\i}a-D{\'\i}az, Anna I and Compta, Yaroslau and Mart{\'\i}, Maria Jos{\'e} and Valldeoriola, Francesc and Junqu{\'e}, Carme},
  journal={Scientific reports},
  volume={7},
  number={1},
  pages={1--13},
  year={2017},
  publisher={Nature Publishing Group}
}

@article{Vogt.2018.MLneuro,
  title={Machine learning in neuroscience},
  author={Vogt, Nina},
  journal={Nature Methods},
  volume={15},
  number={1},
  pages={33--33},
  year={2018},
  publisher={Nature Publishing Group}
}
